@string{proc = "Proc. of the "}

@inproceedings{idea-mobisys10,
	Author = {Challen, Geoffrey and Waterman, Jason and Welsh, Matt},
	Title = {{IDEA: Integrated Distributed Energy Management for Wireless
    Sensor Networks}},
  Booktitle = proc # {8th International Conference on Mobile Systems,
    Applications, and Services (MobiSys 2010)},
	Month = {June},
	Year = 2010}

@inproceedings{mercury-sensys09,
  Author = {Lorincz, Konrad and Chen, Bor-rong and Challen, Geoffrey Werner
   and Chowdhury, Atanu Roy and Patel, Shyamal and Bonato, Paolo and Welsh,
   Matt},
  Title = {Mercury: A Wearable Sensor Network Platform for High-Fidelity
   Motion Analysis},
  Booktitle = proc # {7th ACM Conference on Embedded Networked Sensor Systems
   (SenSys'09)},
  Month = {November},
  Year = 2009}

@inproceedings{peloton-hotos09,
	Author = {Waterman, Jason and Challen, Geoffrey Werner and Welsh, Matt},
	Booktitle = proc # {12th Workshop on Hot Topics in Operating Systems (HotOS-XII)},
	Month = {May},
	Title = {Peloton: Coordinated Resource Management for Sensor Networks},
	Year = {2009}}

@inproceedings{lance-sensys08,
	Address = {Raleigh, NC, USA},
	Author = {Geoffrey Werner-Allen and Stephen Dawson-Haggerty and Matt Welsh},
  Booktitle = proc # {6th ACM Conference on Embedded Networked Sensor Systems
    (SenSys'08)},
	Month = {November},
	Title = {Lance: Optimizing High-Resolution Signal Collection in Wireless
    Sensor Networks},
	Year = 2008}

@inproceedings{pixie-sensys08,
  author = {Konrad Lorincz and Bor-rong Chen and Jason Waterman and Geoff Werner-Allen and Matt Welsh},
  title = {Resource aware programming in the Pixie OS},
  Booktitle = proc # {6th ACM Conference on Embedded Networked Sensor Systems
    (SenSys'08)},
  year = {2008},
  isbn = {978-1-59593-990-6},
  pages = {211--224},
  location = {Raleigh, NC, USA},
  doi = {http://doi.acm.org/10.1145/1460412.1460434},
  publisher = {ACM},
  address = {New York, NY, USA}, }

@inproceedings{pixie-hotemnets08,
  author = {Konrad Lorincz and Bor-rong Chen and Jason Waterman and Geoff Werner-Allen and Matt Welsh},
  title = {Pixie: An Operating System for Resource-Aware Programming of
    Embedded Sensors},
  booktitle= proc # "5th IEEE Workshop on Embedded Networked Sensors
    (NotEmNets 2008)",
  month = {June},
  year = {2008}}

@inproceedings{volcano-osdi06,
	Address = {Seattle, WA},
	Author = {Geoff Werner-Allen and Konrad Lorincz and Jeff Johnson and   Jonathan Lees and Matt Welsh},
  Booktitle = proc # {7th USENIX Symposium on Operating Systems Design and
    Implementation (OSDI 2006)},
	Month = {November},
	Title = {Fidelity and Yield in a Volcano Monitoring Sensor Network},
	Year = 2006}

@inproceedings{firefly-sensys05,
  author = "Geoffrey Werner-Allen and Geetika Tewari and Ankit Patel and Matt
  Welsh and Radhika Nagpal",
  title="Firefly-Inspired Sensor Network Synchronicity with Realistic Radio
  Effects",
  booktitle= proc # "3rd ACM Conference on Embedded Networked Sensor Systems
    (SenSys 2005)",
  month = "November", year = "2005"}

@inproceedings{motelab-ipsn05,
	Author = {Geoff Werner-Allen and Pat Swieskowski and Matt Welsh},
  Booktitle = proc # {4th International Conference on Information Processing
    in Sensor Networks (IPSN 2005)},
	Month = {April},
	Title = {{MoteLab: A Wireless Sensor Network Testbed}},
	Year = 2005}

@inproceedings{volcano-ewsn05,
  title="Monitoring Volcanic Eruptions with a Wireless Sensor Network",
  author="Geoff Werner-Allen and Jeff Johnson and Mario Ruiz and Jonathan Lees and Matt Welsh",
  booktitle=proc # "2nd European Workshop on Wireless Sensor Networks (EWSN
    2005)", 
  month="January", year="2005"}

@inproceedings{powertossim-sensys04,
	Author = {Victor Shnayder and Mark Hempstead and Bor-rong Chen and Geoff Werner-Allen and Matt Welsh},
  Booktitle = proc # {2nd ACM Conference on Embedded Networked Sensor Systems
    (SenSys 2004)},
	Month = {November},
	Title = {Simulating the Power Consumption of Large-Scale Sensor Network       Applications},
	Year = {2004}}

